@inproceedings{Zhu2016Generative,
  title={Generative Visual Manipulation on the Natural Image Manifold},
  author={Zhu, Jun Yan and Krähenbühl, Philipp and Shechtman, Eli and Efros, Alexei A.},
  booktitle={European Conference on Computer Vision},
  pages={597-613},
  year={2016},
}
@article{Brock2016Neural,
  title={Neural Photo Editing with Introspective Adversarial Networks},
  author={Brock, Andrew and Lim, Theodore and Ritchie, J. M. and Weston, Nick},
  year={2016},
}
@inproceedings{Radford2016Unsupervised,
  title={Unsupervised Representation Learning with Deep Convolutional Generative Adversarial Networks},
  author={Radford, Alec and Metz, Luke and Chintala, Soumith},
  booktitle={ICLR},
  year={2016},
}
@article{Jin2017Towards,
  title={Towards the Automatic Anime Characters Creation with Generative Adversarial Networks},
  author={Jin, Yanghua and Zhang, Jiakai and Li, Minjun and Tian, Yingtao and Zhu, Huachun and Fang, Zhihao},
  year={2017},
}
@article{Kingma2014Adam,
  title={Adam: A Method for Stochastic Optimization},
  author={Kingma, Diederik P and Ba, Jimmy},
  journal={Computer Science},
  year={2014},
}
@ARTICLE{2017arXiv170107875A,
   author = {{Arjovsky}, M. and {Chintala}, S. and {Bottou}, L.},
    title = "{Wasserstein GAN}",
  journal = {ArXiv e-prints},
archivePrefix = "arXiv",
   eprint = {1701.07875},
 primaryClass = "stat.ML",
 keywords = {Statistics - Machine Learning, Computer Science - Learning},
     year = 2017,
    month = jan,
   adsurl = {http://adsabs.harvard.edu/abs/2017arXiv170107875A},
  adsnote = {Provided by the SAO/NASA Astrophysics Data System}
}

@inproceedings{Saito2015Illustration2Vec,
  title={Illustration2Vec: a semantic vector representation of illustrations},
  author={Saito, Masaki and Matsui, Yusuke},
  booktitle={SIGGRAPH Asia 2015 Technical Briefs},
  pages={380-383},
  year={2015},
}

@article{kodali2017convergence,
  title={On convergence and stability of gans},
  author={Kodali, Naveen and Abernethy, Jacob and Hays, James and Kira, Zsolt},
  journal={arXiv preprint arXiv:1705.07215},
  year={2017}
}

@inproceedings{he2016deep,
  title={Deep residual learning for image recognition},
  author={He, Kaiming and Zhang, Xiangyu and Ren, Shaoqing and Sun, Jian},
  booktitle={Proceedings of the IEEE conference on computer vision and pattern recognition},
  pages={770--778},
  year={2016}
}

@article{odena2016conditional,
  title={Conditional image synthesis with auxiliary classifier gans},
  author={Odena, Augustus and Olah, Christopher and Shlens, Jonathon},
  journal={arXiv preprint arXiv:1610.09585},
  year={2016}
}

@article{isola2016image,
  title={Image-to-image translation with conditional adversarial networks},
  author={Isola, Phillip and Zhu, Jun-Yan and Zhou, Tinghui and Efros, Alexei A},
  journal={arXiv preprint arXiv:1611.07004},
  year={2016}
}